@entry{spi,
  name        = {SPI},
  description = {Serial Peripheral Interface}
}