@book{beer2019guide,
  title     = {A Guide to Writing as an Engineer},
  author    = {Beer, David F and McMurrey, David A},
  year      = {2019},
  publisher = {John Wiley \& Sons}
}
@manual{datasheet,
  title   = {Datasheet for MC9S08QG microcontroller},
  author  = {Freescale Semiconductor},
  year    = {2008},
  version = {revision 4}
}
@article{fitzmaurice1987comparison,
  title     = {A comparison of two average conditional error rate estimators},
  author    = {Fitzmaurice, GM and Hand, DJ},
  journal   = {Pattern recognition letters},
  volume    = {6},
  number    = {4},
  pages     = {221--224},
  year      = {1987},
  publisher = {Elsevier}
}
@online{mac09,
  title   = {Advanced Ceramics: Silicon Nitride},
  author  = {Morgan Advanced Ceramics},
  url     = {www.morgantechnicalceramics.com},
  urldate = {2009-05-13}
}
@book{mitra2006effective,
  title     = {Effective Technical Communication: A guide for scientists and engineers},
  author    = {Mitra, Barun K},
  year      = {2006},
  publisher = {Oxford Higher Education}
}
@online{oxford,
  title   = {AskOxford},
  author  = {Oxford University Press},
  url     = {www.askoxford.com/?view=uk},
  urldate = {2009-05-13}
}
@book{van2017writing,
  title     = {Writing for engineers},
  author    = {Van Emden, Joan and Becker, Lucinda},
  year      = {2017},
  publisher = {Macmillan International Higher Education}
}
@article{woodfield2007technical,
  title     = {Technical Writing AZ: A Commonsense Guide to Engineering Reports and Theses},
  author    = {Woodfield, H},
  journal   = {Proceedings of the Institution of Mechanical Engineers, Part G: Journal of Aerospace Engineering},
  volume    = {221},
  number    = {2},
  pages     = {311--311},
  year      = {2007},
  publisher = {SAGE Publications Sage UK: London, England}
}